%% This BibTeX bibliography file was created using BibDesk.
%% http://bibdesk.sourceforge.net/

%% Created for Alvaro Carril at 2017-05-31 08:34:14 -0400 


%% Saved with string encoding Unicode (UTF-8) 



@article{koenker_note_1981,
	Author = {Koenker, Roger},
	Date = {1981-09-01},
	Date-Modified = {2017-05-31 12:34:11 +0000},
	Doi = {10.1016/0304-4076(81)90062-2},
	File = {ScienceDirect Snapshot:C\:\\Users\\Alvaro\\AppData\\Roaming\\Zotero\\Zotero\\Profiles\\k98ljk4g.default\\zotero\\storage\\KC6TZCZK\\0304407681900622.html:text/html},
	Issn = {0304-4076},
	Journaltitle = {Journal of Econometrics},
	Number = {1},
	Pages = {107--112},
	Shortjournal = {Journal of Econometrics},
	Title = {A note on studentizing a test for heteroscedasticity},
	Url = {http://www.sciencedirect.com/science/article/pii/0304407681900622},
	Volume = {17},
	Bdsk-Url-1 = {http://www.sciencedirect.com/science/article/pii/0304407681900622},
	Bdsk-Url-2 = {http://dx.doi.org/10.1016/0304-4076(81)90062-2}}

@article{long_using_2000,
	Author = {Long, J. Scott and Ervin, Laurie H.},
	Date = {2000},
	Date-Modified = {2017-05-31 12:33:58 +0000},
	Doi = {10.2307/2685594},
	Issn = {0003-1305},
	Journaltitle = {The American Statistician},
	Number = {3},
	Pages = {217--224},
	Title = {Using Heteroscedasticity Consistent Standard Errors in the Linear Regression Model},
	Url = {http://www.jstor.org/stable/2685594},
	Volume = {54},
	Bdsk-Url-1 = {http://www.jstor.org/stable/2685594},
	Bdsk-Url-2 = {http://dx.doi.org/10.2307/2685594}}
